@article{khoury13,
	author		= "Khoury, D. S. and  Barron, B. A. and Myerscough, R. M.",
	title		= "Modelling Food and Population Dynamics in Honey Bee Colonies",
	year		= "2013",
	journal		= "PLOS ONE",
}

@book{seeley95,
	author		= "Seeley, T. D.",
	title		= "Thde Wisdom of the Hive",
	subtitle	= "The Social Physiology of Honey Bee Colonies",
	publisher	= "Harvard University Press",
	year		= "1995",
	address		= "London",
}

@article{khoury11,
	author		= "Khoury, D. S. and  Barron, B. A. and Myerscough, R. M.",
	title		= "A Quantitative Model of Honey Bee Colony Population Dynamics",
	year		= "2011",
	journal		= "PLOS ONE",
}

@online{MVTB,
	author		= "Peter Corke",
	title		= "Robotics and Machine Vision Toolboxes for MATLAB (MVTB)",
	url			= "https://code.google.com/p/matlab-toolboxes-robotics-vision/",
}

@online{wright08,
	author		= "Walt Wright",
	title		= "How Many Eggs CAN a Queen Lay?",
	year		= "2008",
	url			= "http://www.beesource.com/point-of-view/walt-wright/how-many-eggs-can-a-queen-lay/",
}


@article{dukas08,
	author		= "Dukas, R.",
	title		= "Mortality rates of honey bees in the wild",
	year		= "2008",
	journal		= "Insectes Sociaux",
}

@article{henry12,
	author		= "Henry et al.",
	title		= "A Common Pesticide Decreases Foraging Success and Survival in Honey bees",
	year		= "2012",
	journal		= "Sciencemag",
}